<?xml version="1.0" encoding="UTF-8"?><collection xmlns="http://www.loc.gov/MARC21/slim"><record><leader>00377nam--2200133-i-4500</leader><controlfield tag="001">000018048</controlfield><controlfield tag="002">20161230</controlfield><controlfield tag="005">20161230201032</controlfield><controlfield tag="008">060222s1000------------r-----000-0-eng-d</controlfield><datafield ind1=" " ind2=" " tag="100"><subfield code="a">Dragulanescu ( Ing.D)</subfield></datafield><datafield ind1=" " ind2=" " tag="245"><subfield code="a">Formular de matematici si calcul.editia ii-a i.mat. element</subfield></datafield><datafield ind1=" " ind2=" " tag="260"><subfield code="a">Bucuresti, Editura De Stat, 1948. 83 P</subfield></datafield><datafield ind1=" " ind2=" " tag="490"><subfield code="a">Biblioteca De Buzunar</subfield></datafield><datafield ind1=" " ind2=" " tag="852"><subfield code="a">2073</subfield></datafield></record></collection>